<record><leader>00000cas a22000007a 4500</leader><controlfield tag="001">32025290</controlfield><controlfield tag="008">950221d1906191uokuwr n       0    0eng d</controlfield><datafield ind1=" " ind2=" " tag="010"><subfield code="a">sn 95076039 </subfield></datafield><datafield ind1=" " ind2=" " tag="040"><subfield code="a">OBN</subfield><subfield code="b">eng</subfield><subfield code="c">OBN</subfield><subfield code="d">OCLCQ</subfield><subfield code="d">OCLCF</subfield><subfield code="d">OCLCO</subfield></datafield><datafield ind1="1" ind2=" " tag="029"><subfield code="a">AU@</subfield><subfield code="b">000011634674</subfield></datafield><datafield ind1=" " ind2=" " tag="042"><subfield code="a">msc</subfield></datafield><datafield ind1=" " ind2=" " tag="043"><subfield code="a">n-us-ok</subfield></datafield><datafield ind1="0" ind2=" " tag="130"><subfield code="a">Noble news (Noble, Okla. : 1906)</subfield></datafield><datafield ind1="1" ind2="4" tag="245"><subfield code="a">The Noble news.</subfield></datafield><datafield ind1=" " ind2=" " tag="260"><subfield code="a">Noble, Okla., Cleveland County :</subfield><subfield code="b">M.B. Carley</subfield></datafield><datafield ind1=" " ind2=" " tag="300"><subfield code="a">v.</subfield></datafield><datafield ind1=" " ind2=" " tag="310"><subfield code="a">Weekly</subfield></datafield><datafield ind1="0" ind2=" " tag="362"><subfield code="a">Vol. 1, no. 1 (Mar. 8, 1906)- ; v. 1, no. 1 (Jan. 11, 1911)-</subfield></datafield><datafield ind1=" " ind2=" " tag="515"><subfield code="a">Suspended 1906-1911?</subfield></datafield><datafield ind1=" " ind2="0" tag="651"><subfield code="a">Noble (Okla.)</subfield><subfield code="v">Newspapers.</subfield></datafield><datafield ind1=" " ind2="0" tag="651"><subfield code="a">Cleveland County (Okla.)</subfield><subfield code="v">Newspapers.</subfield></datafield><datafield ind1=" " ind2="7" tag="655"><subfield code="a">Newspapers.</subfield><subfield code="2">fast</subfield><subfield code="0">(OCoLC)fst01423814</subfield></datafield><datafield ind1=" " ind2="7" tag="651"><subfield code="a">Oklahoma</subfield><subfield code="z">Cleveland County.</subfield><subfield code="2">fast</subfield><subfield code="0">(OCoLC)fst01223119</subfield></datafield><datafield ind1=" " ind2="7" tag="651"><subfield code="a">Oklahoma</subfield><subfield code="z">Noble.</subfield><subfield code="2">fast</subfield><subfield code="0">(OCoLC)fst01230680</subfield></datafield><datafield ind1=" " ind2=" " tag="752"><subfield code="a">United States</subfield><subfield code="b">Oklahoma</subfield><subfield code="c">Cleveland</subfield><subfield code="d">Noble.</subfield></datafield><datafield ind1="0" ind2="0" tag="780"><subfield code="t">Noble weekly journal</subfield><subfield code="w">(DLC)sn 95076038</subfield><subfield code="w">(OCoLC)32009925</subfield></datafield><datafield ind1="0" ind2="4" tag="785"><subfield code="t">Norman democrat-topic</subfield><subfield code="w">(DLC)sn 95076040</subfield><subfield code="w">(OCoLC)32009993</subfield></datafield></record>